<?xml version="1.0" encoding="UTF-8"?><record xmlns="http://www.loc.gov/MARC21/slim" xmlns:cinclude="http://apache.org/cocoon/include/1.0" xmlns:zs="http://www.loc.gov/zing/srw/">
  <leader>00373nz  a2200133n  4500</leader>
  <controlfield tag="001">ns2012000236</controlfield>
  <controlfield tag="003">DLC</controlfield>
  <controlfield tag="005">20120119183413.0</controlfield>
  <controlfield tag="008">120117n| acannaabn          |n aaa     c</controlfield>
  <datafield tag="010" ind1=" " ind2=" ">
    <subfield code="a">ns2012000236</subfield>
  </datafield>
  <datafield tag="035" ind1=" " ind2=" ">
    <subfield code="a">(CaEvSKY)skya9805527</subfield>
  </datafield>
  <datafield tag="040" ind1=" " ind2=" ">
    <subfield code="a">ScRhW</subfield>
    <subfield code="b">eng</subfield>
    <subfield code="c">ScRhW</subfield>
  </datafield>
  <datafield tag="100" ind1="1" ind2=" ">
    <subfield code="a">Silvie, Matt</subfield>
  </datafield>
  <datafield tag="670" ind1=" " ind2=" ">
    <subfield code="a">The Comics journal special edition, 2005:</subfield>
    <subfield code="b">t.p. (managing editor, Matt Silvie)</subfield>
  </datafield>
</record>